<?xml version="1.0" encoding="UTF-8"?>
<record>
  <leader>01821naa a2200457 c 4500</leader>
  <controlfield tag="003">DE-605</controlfield>
  <controlfield tag="005">20240215092118.0</controlfield>
  <controlfield tag="007">cr||||||||||||</controlfield>
  <controlfield tag="008">240214s2022    gw |||||o|||| 00||| ger c</controlfield>
  <controlfield tag="001">99373637266706441</controlfield>
  <datafield tag="015" ind1=" " ind2=" ">
    <subfield code="a">24,O02</subfield>
    <subfield code="2">dnb</subfield>
  </datafield>
  <datafield tag="016" ind1="7" ind2=" ">
    <subfield code="a">1316737470</subfield>
    <subfield code="2">DE-101</subfield>
  </datafield>
  <datafield tag="016" ind1="7" ind2=" ">
    <subfield code="a">1420187639</subfield>
    <subfield code="2">(OCoLC)</subfield>
  </datafield>
  <datafield tag="024" ind1="7" ind2=" ">
    <subfield code="2">urn</subfield>
    <subfield code="a">urn:nbn:de:bvb:384-opus4-1094038</subfield>
  </datafield>
  <datafield tag="035" ind1=" " ind2=" ">
    <subfield code="a">(DE-605)HT030654927</subfield>
  </datafield>
  <datafield tag="040" ind1=" " ind2=" ">
    <subfield code="a">DE-6</subfield>
    <subfield code="b">ger</subfield>
    <subfield code="c">DE-6</subfield>
    <subfield code="d">DE-6</subfield>
    <subfield code="e">rda</subfield>
  </datafield>
  <datafield tag="041" ind1=" " ind2=" ">
    <subfield code="a">ger</subfield>
  </datafield>
  <datafield tag="044" ind1=" " ind2=" ">
    <subfield code="c">XA-DE-BY</subfield>
  </datafield>
  <datafield tag="084" ind1=" " ind2=" ">
    <subfield code="a">070</subfield>
    <subfield code="2">sdnb</subfield>
  </datafield>
  <datafield tag="084" ind1=" " ind2=" ">
    <subfield code="a">Westfalen</subfield>
    <subfield code="0">https://nwbib.de/spatial#N04</subfield>
    <subfield code="2">nwbib</subfield>
  </datafield>
  <datafield tag="084" ind1=" " ind2=" ">
    <subfield code="a">Münster</subfield>
    <subfield code="0">https://nwbib.de/spatial#Q2742</subfield>
    <subfield code="2">nwbib</subfield>
  </datafield>
  <datafield tag="084" ind1=" " ind2=" ">
    <subfield code="a">Presse</subfield>
    <subfield code="0">https://nwbib.de/subjects#N882020</subfield>
    <subfield code="2">nwbib</subfield>
  </datafield>
  <datafield tag="100" ind1="1" ind2=" ">
    <subfield code="a">Muckel, Kristopher</subfield>
    <subfield code="d">ca. 20./21. Jh.</subfield>
    <subfield code="0">(DE-588)1309974918</subfield>
    <subfield code="4">aut</subfield>
    <subfield code="0">http://d-nb.info/gnd/1309974918</subfield>
    <subfield code="0">http://viaf.org/viaf/sourceID/DNB|1309974918</subfield>
    <subfield code="B">GND-1309974918</subfield>
  </datafield>
  <datafield tag="245" ind1="1" ind2="0">
    <subfield code="a">Münsterischer Anzeiger, 1852 - 1945: Beschreibung des Zeitungsunternehmens</subfield>
    <subfield code="c">Kristopher Muckel</subfield>
  </datafield>
  <datafield tag="264" ind1=" " ind2="1">
    <subfield code="a">Augsburg</subfield>
    <subfield code="a">Bonn</subfield>
    <subfield code="c">2022</subfield>
  </datafield>
  <datafield tag="336" ind1=" " ind2=" ">
    <subfield code="b">txt</subfield>
  </datafield>
  <datafield tag="337" ind1=" " ind2=" ">
    <subfield code="b">c</subfield>
  </datafield>
  <datafield tag="338" ind1=" " ind2=" ">
    <subfield code="b">cr</subfield>
  </datafield>
  <datafield tag="689" ind1="0" ind2="0">
    <subfield code="a">Westfälische Nachrichten</subfield>
    <subfield code="p">Ausgabe MS</subfield>
    <subfield code="D">u</subfield>
    <subfield code="0">(DE-588)7569204-1</subfield>
    <subfield code="B">GND-984115234</subfield>
  </datafield>
  <datafield tag="689" ind1="0" ind2="1">
    <subfield code="a">Geschichte 1852-1945</subfield>
    <subfield code="A">z</subfield>
  </datafield>
  <datafield tag="035" ind1=" " ind2=" ">
    <subfield code="a">(DE-599)DNB1316737470</subfield>
  </datafield>
  <datafield tag="035" ind1=" " ind2=" ">
    <subfield code="a">(OCoLC)1420187639</subfield>
  </datafield>
  <datafield tag="035" ind1=" " ind2=" ">
    <subfield code="a">(DE-101)1316737470</subfield>
  </datafield>
  <datafield tag="960" ind1="1" ind2=" ">
    <subfield code="i">iall</subfield>
  </datafield>
  <datafield tag="960" ind1="1" ind2=" ">
    <subfield code="n">NWBib-6</subfield>
  </datafield>
  <datafield tag="856" ind1="4" ind2="0">
    <subfield code="u">https://nbn-resolving.org/urn:nbn:de:bvb:384-opus4-1094038</subfield>
    <subfield code="x">Resolving-System</subfield>
  </datafield>
  <datafield tag="856" ind1=" " ind2="0">
    <subfield code="u">https://d-nb.info/1316737470/34</subfield>
    <subfield code="x">Langzeitarchivierung Nationalbibliothek</subfield>
  </datafield>
  <datafield tag="856" ind1="4" ind2=" ">
    <subfield code="q">application/pdf</subfield>
    <subfield code="u">https://zeitpunkt.nrw/ulbms/periodical/titleinfo/8700398</subfield>
    <subfield code="x">Verlag</subfield>
    <subfield code="z">kostenfrei</subfield>
  </datafield>
  <datafield tag="856" ind1="4" ind2=" ">
    <subfield code="u">https://opus.bibliothek.uni-augsburg.de/opus4/frontdoor/index/index/docId/109403</subfield>
    <subfield code="x">Verlag</subfield>
    <subfield code="z">kostenfrei</subfield>
  </datafield>
  <datafield tag="773" ind1="0" ind2="8">
    <subfield code="i">Enthalten in</subfield>
    <subfield code="t">zeitpunkt.nrw</subfield>
    <subfield code="b">25.01.2022,</subfield>
    <subfield code="d">Augsburg, Bonn 2022</subfield>
    <subfield code="g">[2] Seiten</subfield>
  </datafield>
  <datafield tag="583" ind1="1" ind2=" ">
    <subfield code="a">Archivierung/Langzeitarchivierung gewährleistet</subfield>
    <subfield code="5">DE-101</subfield>
    <subfield code="2">pdager</subfield>
  </datafield>
  <datafield tag="MBD" ind1=" " ind2=" ">
    <subfield code="M">49HBZ_NETWORK</subfield>
    <subfield code="i">99373637266706441</subfield>
    <subfield code="n">HBZ Network</subfield>
  </datafield>
  <datafield tag="MNG" ind1=" " ind2=" ">
    <subfield code="c">System</subfield>
    <subfield code="f">DNB NZ</subfield>
    <subfield code="i">marc21</subfield>
    <subfield code="k">01</subfield>
    <subfield code="e">false</subfield>
    <subfield code="d">2024-02-15 13:12:48 Europe/Berlin</subfield>
    <subfield code="g">99373637266706441</subfield>
    <subfield code="j">60</subfield>
    <subfield code="a">niemani######49HBZ_ULM</subfield>
    <subfield code="b">2024-02-14 15:59:02 Europe/Berlin</subfield>
  </datafield>
  <datafield tag="GSI" ind1="7" ind2=" ">
    <subfield code="a">1309974918</subfield>
    <subfield code="0">http://d-nb.info/gnd/1309974918</subfield>
    <subfield code="2">gnd</subfield>
    <subfield code="A">GND</subfield>
    <subfield code="B">GND-1309974918</subfield>
    <subfield code="C">024</subfield>
  </datafield>
  <datafield tag="GEL" ind1=" " ind2="0">
    <subfield code="a">Westfälische Tageszeitung</subfield>
    <subfield code="g">Münster, Westfalen, 1940-1945</subfield>
    <subfield code="A">GND</subfield>
    <subfield code="B">GND-984115234</subfield>
    <subfield code="C">430</subfield>
  </datafield>
  <datafield tag="GEL" ind1=" " ind2="0">
    <subfield code="a">Münsterischer Anzeiger und Münsterische Volkszeitung</subfield>
    <subfield code="9">v:1852-1929</subfield>
    <subfield code="A">GND</subfield>
    <subfield code="B">GND-984115234</subfield>
    <subfield code="C">430</subfield>
  </datafield>
  <datafield tag="GEL" ind1=" " ind2="0">
    <subfield code="a">Münsterischer Anzeiger</subfield>
    <subfield code="9">v:1930-1940</subfield>
    <subfield code="A">GND</subfield>
    <subfield code="B">GND-984115234</subfield>
    <subfield code="C">430</subfield>
  </datafield>
  <datafield tag="GEL" ind1=" " ind2="0">
    <subfield code="a">Westfälische Nachrichten</subfield>
    <subfield code="p">Ausgabe M</subfield>
    <subfield code="9">v:1946-1952</subfield>
    <subfield code="A">GND</subfield>
    <subfield code="B">GND-984115234</subfield>
    <subfield code="C">430</subfield>
  </datafield>
  <datafield tag="GEL" ind1=" " ind2="0">
    <subfield code="a">Westfälische Nachrichten</subfield>
    <subfield code="p">Ausgabe A</subfield>
    <subfield code="9">v:1953-1981</subfield>
    <subfield code="A">GND</subfield>
    <subfield code="B">GND-984115234</subfield>
    <subfield code="C">430</subfield>
  </datafield>
  <datafield tag="GSI" ind1="7" ind2=" ">
    <subfield code="a">7569204-1</subfield>
    <subfield code="0">http://d-nb.info/gnd/7569204-1</subfield>
    <subfield code="2">gnd</subfield>
    <subfield code="A">GND</subfield>
    <subfield code="B">GND-984115234</subfield>
    <subfield code="C">024</subfield>
  </datafield>
</record>
